/Users/dnoriega/Dropbox/Scrivener/ZoteroLib.bib